@misc{klass_IR,
	author			= {Karin Haendelt},
	title 			= {Klassische Information Retrieval Modelle Einführung},
	date 			= {2012-10-21}
}

@online{VR_Retrieval,
	author			= {o.V.},
	title 			= {Vektorraum-Retrieval},
	date 			= {2019-02-03},
	url 			= {https://de.wikipedia.org/wiki/Vektorraum-Retrieval},
	urldate			= {2019-08-29},
}
@online{IR_Uni_Duisburg,
	author 			= {Ingo Frommholz},
	title			= {Information Retrieval},
	year 			= {2007},
	url 			= {http://www.is.informatik.uni-duisburg.de/courses/ie_ss07/folien/folien-ir.pdf}
}
@book{IR_Intro_Cambridge,
	author 			= {Cristopher D. Manning und Prabhakar Raghavan und Hinrich Schütze},
	title 			= {Introduction to Information Retrieval},
	year 			= {2009}
}
@online{index_Uni_Munich,
	author 			= {Nagy Istvan},
	title 			= {Indexierung mittels invertierter Dateien},
	date 			= {2001},
	url 			= {http://www.cis.uni-muenchen.de/people/Schulz/SeminarSoSe2001IR/Nagy/node4.html}
}
@book{IR_Uni_Bamberg,
	author 			= {Andreas Henrich},
	title 			= {Information Retrieval 1},
	year 			= {2008}
}
@online{trie_Abb,
	author 			= {o.V.},
	title 			= {Introduction to Trie},
	year 			= {o.J.},
	organization	= {freeCodeCamp}
	url				= {https://guide.freecodecamp.org/miscellaneous/data-structure-trie/},
}
@online{Trie_wiki,
	author 			= {o.V.},
	title 			= {Trie},
	year 			= {2018},
	url 			= {https://de.wikipedia.org/wiki/Trie},
}
@online{Trie_Blog,
	author 			= {Vaidehi Joshi},
	title 			= {Trying to Understand Tries},
	year 			= {2017},
	url 			= {https://medium.com/basecs/trying-to-understand-tries-3ec6bede0014}
}

@online{Dictionary_compression,
	author 			= {o.V.},
	title 			= {Dictionary Compression},
	year 			= {o.J.},
	url 			= {https://www.cs.helsinki.fi/u/tpkarkka/opetus/12k/dct/lecture06.pdf}
}

@Article{PER-GRA:2007,
	Author    		= {P\'erez, Fernando and Granger, Brian E.},
	Title     		= {{IP}ython: a System for Interactive Scientific Computing},
	Journal   		= {Computing in Science and Engineering},
	year      		= {2007},
	url       		= {https://ipython.org},
	ISSN      		= {1521-9615},
	doi       		= {10.1109/MCSE.2007.53},
	publisher 		= {IEEE Computer Society},
}

@online{nltk,
	author 			= {o.V.},
	title 			= {source code for nltk.tokenize.regexp},
	date 			= {2018-11-17},
	url 			= {https://www.nltk.org/_modules/nltk/tokenize/regexp.html}
}

@online{filetype,
	author 			= {o.V.},
	title 			= {filetype 1.0.5},
	date 			= {2019-03-01},
	url 			= {https://pypi.org/project/filetype/}
}

@online{Apache_Tika,
	author 			= {o.V.},
	title 			= {Apache Tika - a content analysis toolkit},
	date 			= {2018-12-22},
	url 			= {https://tika.apache.org/}
}

@online{filetype,
	author 			= {o.V.},
	title 			= {fieltype 1.0.5},
	date 			= {2019-03-01},
	url 			= {https://pypi.org/project/filetype/}
}

@online{ir_wiki,
	author 			= {o.V.},
	title 			= {Information Retrieval},
	date 			= {2019-22-02},
	url 			= {https://de.wikipedia.org/wiki/Information_Retrieval}
},

@online{npl_test_collection,
	author 			= {o.V.},
	title 			= {Test collections},
	date 			= {2019-27-08},
	url 			= {http://ir.dcs.gla.ac.uk/resources/test_collections/}
}

@online{re,
	author 			= {o.V.},
	title 			= {re — Regular expression operations},
	year 			= {o.J.},
	url 			= {https://docs.python.org/3/library/re.html}
}

@online{Index,
	author 			= {o.V.},
	title 			= {Index},
	date			= {2008-02-09},
	url 			= {https://techterms.com/definition/index},
	urldate 		= {2019-29-08}
}

@online{multiprocess,
	author 			= {o.V.},
	title 			= {multiprocessing — Process-based parallelism},
	year 			= {o.J.},
	url 			= {https://docs.python.org/3/library/multiprocessing.html},
	urldate 		= {2019-29-08},
}